<?xml version="1.0" encoding="UTF-8"?><collection xmlns="http://www.loc.gov/MARC21/slim"><record><leader>00333nam--2200109-i-4500</leader><controlfield tag="001">000035387</controlfield><controlfield tag="002">20161230</controlfield><controlfield tag="005">20161230201040</controlfield><controlfield tag="008">060222s1000------------r-----000-0-eng-d</controlfield><datafield ind1=" " ind2=" " tag="245"><subfield code="a">Obtinerea cadmiului de puritate 99,99% din cadmiul electrolitic brut</subfield></datafield><datafield ind1=" " ind2=" " tag="260"><subfield code="a">(Minis.Ind.Grele, Inst.De Cerc.Metalurgice), 1958, 9p.Dactilo</subfield></datafield><datafield ind1=" " ind2=" " tag="852"><subfield code="a">5397</subfield></datafield></record></collection>